@String(acrd = "Acta Cryst. D")
@String(acp = "Adv. Chem. Phys.")
@String(acr = "Acc. Chem. Res.")
@String(anbioc = "Anal. Biochem.")
@String(angc = "Angew. Chem.")
@String(arbbc = "Annu. Rev. Biophys. Biophys. Chem.")
@String(arbbs = "Annu. Rev. Biophys. Biomol. Struct.")
@String(arpc = "Annu. Rev. Phys. Chem.")
@String(bba = "Biochim. Biophys. Acta")
@String(bbpc = "Ber. Bunsen. Phys. Chem.")
@String(bbrc = "Biochem. Biophys. Res. Commun.")
@String(bioc = "Biochemistry")
@String(bpc = "Biophys. Chem.")
@String(biophj = "Biophys. J.")
@String(bp = "Biopolymers")
@String(btbe = "Biotech. Bioeng.")
@String(cb = "Chem. Biol.")
@String(ccr = "Coord. Chem. Rev.")
@String(chc = "Chem. Commun.")
@String(chiuz = "Chem. unserer Zeit")
@String(cjc = "Can. J. Chem.")
@String(cmls = "Cell. Mol. Life Sci.")
@String(cocb = "Curr. Opin. Chem. Biol")
@String(cocis = "Curr. Opin. Colloid Interface Sci.")
@String(cosb = "Curr. Opin. Struct. Biol.")
@String(cp = "Chem. Phys.")
@String(cpc = "Comp. Phys. Commun.")
@String(cpl = "Chem. Phys. Lett.")
@String(cr = "Chem. Rev.")
@String(cspt2 = "Chem. Soc. Perkin Trans. II")
@String(ejbioc = "Eur. J. Biochem.")
@String(fdcs = "Faraday Discuss. Chem. Soc.")
@String(febsl = "FEBS Letters")
@String(hca = "Helv. Chim. Acta")
@String(ijmsp = "Int. J. Mass Spectrom.")
@String(ijqc = "Int. J. Quant. Chem.")
@String(inch = "Inorg. Chem.")
@String(jacs = "J. Am. Chem. Soc.")
@String(jbc = "J. Biol. Chem.")
@String(jbnmr = "J. Biomol. NMR")
@String(jcamd = "J. Comp.-Aided Mol. Des.")
@String(jcc = "J. Comput. Chem.")
@String(jcp = "J. Chem. Phys.")
@String(jcompph = "J. Comput. Phys.")
@String(jcsdt = "J. Chem. Soc., Dalton Trans.")
@String(jcsft = "J. Chem. Soc., Faraday Trans.")
@String(jcsft2 = "J. Chem. Soc., Faraday Trans. 2")
@String(jctc = "J. Chem. Theory Comput.")
@String(jmb = "J. Mol. Biol.")
@String(jmg = "J. Mol. Graphics")
@String(jmgm = "J. Mol. Graph. Mod.")
@String(jml = "J. Mol. Liquids")
@String(jms = "J. Mol. Struct.")
@String(jmst = "J. Mol. Struct. (Theochem)")
@String(jmsp = "J. Mol. Spectr.")
@String(jpc = "J. Phys. Chem.")
@String(jpca = "J. Phys. Chem. A")
@String(jpcb = "J. Phys. Chem. B")
@String(jpcm = "J. Phys. Condens. Matter")
@String(jsc = "J. Sol. Chem.")
@String(jstb = "J. Struct. Biol.")
@String(molph = "Mol. Phys.")
@String(ms = "Mol. Sim.")
@String(nar = "Nucleic Acids Res.")
@String(nat = "Nature")
@String(pac = "Pure \& Appl. Chem.")
@String(pe = "Prot. Eng.")
@String(pnas = "Proc. Natl. Acad. Sci.")
@String(pccp = "Phys. Chem. Chem. Phys.")
@String(pra = "Phys. Rev. A")
@String(prb = "Phys. Rev. B")
@String(pre = "Phys. Rev. E")
@String(prl = "Phys. Rev. Lett.")
@String(prsci = "Prot. Sci.")
@String(protsfbi = "Proteins: Struct. Func. Bioinf.")
@String(protsfg = "Proteins: Struct. Func. Gen.")
@String(ptrsa = "Phil. Trans. R. Soc. Lond. A")
@String(rcc = "Reviews in Computational Chemistry")
@String(resmb = "Res. Microbiol.")
@String(qrbph = "Q. Rev. Biophys.")
@String(sci = "Science")
@String(tibs = "Trends Biochem. Sci.")
@String(toxl = "Toxicology Lett.")
@String(tca = "Theor. Chim. Acta")
@String(tcan = "Theor. Chem. Acc.")
@String(znata = "Z. Naturforsch. A")
